% This file was created with JabRef 2.10.
% Encoding: UTF8


@Manual{stab,
  Title                    = {Reaktorpraktikum Versuch "Steuerstabskalibrierung"},
  Organization             = {Technische Universität Dresden,  Institut für Energietechnik Ausbildungskernreaktor},

  Owner                    = {Lena},
  Timestamp                = {2016.01.03}
}

@Manual{start,
  Title                    = {Reaktorpraktikum Versuch "Reaktorstart"},
  Organization             = {Technische Universität Dresden,  Institut für Energietechnik Ausbildungskernreaktor},

  Owner                    = {Lena},
  Timestamp                = {2016.01.03}
}

@Misc{Wirkungsquerschnitt_Uran,
  Title                    = {https://www.uni-due.de/fb8/fbphysik/Hauptseminar/WS0506/Ausarbeitung_Kernspaltung.pdf},

  Owner                    = {Lena},
  Timestamp                = {2015.12.29}
}

@Booklet{Flyer,
  Title                    = {Flyer Ausbildungskernreaktor},
  Year                     = {Technische Universität Dresden},

  Owner                    = {Lena},
  Timestamp                = {2016.01.03}
}

@Manual{Aufbau,
  Title                    = {Ausbildungskernreaktor AKR-2
Beschreibung des Aufbaus, der Funktionskontrolle und der
Betriebsprotokollierung der Reaktoranlage AKR-2},
  Organization             = {Technische Universität Dresden,  Institut für Energietechnik Ausbildungskernreaktor},
  Year                     = {2005},

  Owner                    = {Lena},
  Timestamp                = {2016.01.03}
}

